{
  "leader": "03717cam a2200421 i 4500",
  "fields": [
    {
      "001": "ocm43811431\\"
    },
    {
      "003": "OCoLC"
    },
    {
      "005": "20221227132239.0"
    },
    {
      "008": "990402s1998\\\\\\\\iluabf\\\\\\b\\\\\\\\001\\0\\eng\\\\"
    },
    {
      "010": {
        "ind1": "\\",
        "ind2": "\\",
        "subfields": [
          {
            "a": "   99192480 "
          }
        ]
      }
    },
    {
      "040": {
        "ind1": "\\",
        "ind2": "\\",
        "subfields": [
          {
            "a": "DLC"
          },
          {
            "b": "eng"
          },
          {
            "e": "rda"
          },
          {
            "c": "DLC"
          },
          {
            "d": "WSL"
          },
          {
            "d": "BAKER"
          },
          {
            "d": "BTCTA"
          },
          {
            "d": "YDXCP"
          },
          {
            "d": "OCLCF"
          },
          {
            "d": "EYP"
          },
          {
            "d": "OCLCO"
          },
          {
            "d": "JYJ"
          },
          {
            "d": "SNN"
          },
          {
            "d": "OCLCQ"
          },
          {
            "d": "OCLCO"
          }
        ]
      }
    },
    {
      "019": {
        "ind1": "\\",
        "ind2": "\\",
        "subfields": [
          {
            "a": "970510148"
          }
        ]
      }
    },
    {
      "020": {
        "ind1": "\\",
        "ind2": "\\",
        "subfields": [
          {
            "a": "0881339806"
          }
        ]
      }
    },
    {
      "020": {
        "ind1": "\\",
        "ind2": "\\",
        "subfields": [
          {
            "a": "9780881339802"
          }
        ]
      }
    },
    {
      "035": {
        "ind1": "\\",
        "ind2": "\\",
        "subfields": [
          {
            "a": "(OCoLC)43811431"
          },
          {
            "z": "(OCoLC)970510148"
          }
        ]
      }
    },
    {
      "043": {
        "ind1": "\\",
        "ind2": "\\",
        "subfields": [
          {
            "a": "f------"
          }
        ]
      }
    },
    {
      "050": {
        "ind1": "\\",
        "ind2": "4",
        "subfields": [
          {
            "a": "DT20"
          },
          {
            "b": ".J8 1998"
          }
        ]
      }
    },
    {
      "082": {
        "ind1": "0",
        "ind2": "4",
        "subfields": [
          {
            "a": "960"
          },
          {
            "b": "JUL"
          }
        ]
      }
    },
    {
      "100": {
        "ind1": "1",
        "ind2": "\\",
        "subfields": [
          {
            "a": "July, Robert William,"
          },
          {
            "e": "author."
          }
        ]
      }
    },
    {
      "245": {
        "ind1": "1",
        "ind2": "2",
        "subfields": [
          {
            "a": "A history of the African people /"
          },
          {
            "c": "Robert W. July."
          }
        ]
      }
    },
    {
      "250": {
        "ind1": "\\",
        "ind2": "\\",
        "subfields": [
          {
            "a": "Fifth edition."
          }
        ]
      }
    },
    {
      "264": {
        "ind1": "\\",
        "ind2": "1",
        "subfields": [
          {
            "a": "Prospect Heights, Illinois :"
          },
          {
            "b": "Waveland Press Inc.,"
          },
          {
            "c": "[1998]"
          }
        ]
      }
    },
    {
      "264": {
        "ind1": "\\",
        "ind2": "4",
        "subfields": [
          {
            "c": "\u00a91998"
          }
        ]
      }
    },
    {
      "300": {
        "ind1": "\\",
        "ind2": "\\",
        "subfields": [
          {
            "a": "xvi, 658 pages, 42 unnumbered pages of plates :"
          },
          {
            "b": "illustrations, maps ;"
          },
          {
            "c": "23 cm"
          }
        ]
      }
    },
    {
      "336": {
        "ind1": "\\",
        "ind2": "\\",
        "subfields": [
          {
            "a": "text"
          },
          {
            "b": "txt"
          },
          {
            "2": "rdacontent"
          }
        ]
      }
    },
    {
      "336": {
        "ind1": "\\",
        "ind2": "\\",
        "subfields": [
          {
            "a": "still image"
          },
          {
            "b": "sti"
          },
          {
            "2": "rdacontent"
          }
        ]
      }
    },
    {
      "336": {
        "ind1": "\\",
        "ind2": "\\",
        "subfields": [
          {
            "a": "cartographic image"
          },
          {
            "b": "cri"
          },
          {
            "2": "rdacontent"
          }
        ]
      }
    },
    {
      "337": {
        "ind1": "\\",
        "ind2": "\\",
        "subfields": [
          {
            "a": "unmediated"
          },
          {
            "b": "n"
          },
          {
            "2": "rdamedia"
          }
        ]
      }
    },
    {
      "338": {
        "ind1": "\\",
        "ind2": "\\",
        "subfields": [
          {
            "a": "volume"
          },
          {
            "b": "nc"
          },
          {
            "2": "rdacarrier"
          }
        ]
      }
    },
    {
      "504": {
        "ind1": "\\",
        "ind2": "\\",
        "subfields": [
          {
            "a": "Includes bibliographical references and index."
          }
        ]
      }
    },
    {
      "505": {
        "ind1": "0",
        "ind2": "\\",
        "subfields": [
          {
            "a": "Ancient Africa. The beginnings of African history ; Africa in the ancient world ; The states of the western and central Sudan ; The cosmopolitan world of east Africa ; The west African forest civilization ; The great migrations ; The coming of Europe -- Revolutionary Africa. The genesis of modern Africa ; Religion and empire in western and central Sudan ; The eastern Sudan: Egyptian expansionism and the Mahdist Revolution ; Population explosions in southern Africa ; West Africa and Europe's humanitarian revolution ; Commerce and statecraft in eastern and central Africa -- Colonial Africa. The partition of Africa ; Early nationalist stirrings in west Africa ; The foundations of progress and poverty in southern Africa ; Colonialism and nation making in east Africa ; Between two world wars: nationalist frustrations in west Africa ; In the heart of darkness ; The two societies of southern Africa -- Independent Africa. Toward independence ; Independence economics ; States and nations ; Disintegrating citadels in the south ; African cultural independence: ideals and complexities."
          }
        ]
      }
    },
    {
      "520": {
        "ind1": "\\",
        "ind2": "\\",
        "subfields": [
          {
            "a": "Publisher's description: The Fifth Edition of Robert July's critically acclaimed work continues the tradition of excellence established in previous editions, providing a comprehensive history that both illuminates and clarifies events past and present. A History of the African People, 5th Edition surveys Africa's history from its earliest beginnings to the present day, exploring themes that cut across time and place to furnish their own unity and consistency: the migrations of peoples, the power of religion, the enduring impact of Africa's climate, and Africa's relationship with the wider world--that is, the invasion of foreign peoples, ideas, and institutions that has been a pervasive influence in shaping African political, economic, and social life. This volume addresses the role of women in Africa's history, includes additional sections on slavery and the slave trade, and discusses the persistent difficulties of African societies to gain the economic and social advantages hoped for from independence. July examines Africa's peoples and its cultures with an authority that has made this book the standard in the field and an indispensable guide to understanding the complexity of the African struggle for nationhood."
          }
        ]
      }
    },
    {
      "651": {
        "ind1": "\\",
        "ind2": "0",
        "subfields": [
          {
            "a": "Africa"
          },
          {
            "x": "History."
          }
        ]
      }
    },
    {
      "651": {
        "ind1": "\\",
        "ind2": "7",
        "subfields": [
          {
            "a": "Africa."
          },
          {
            "2": "fast"
          },
          {
            "0": "(OCoLC)fst01239509"
          }
        ]
      }
    },
    {
      "655": {
        "ind1": "\\",
        "ind2": "7",
        "subfields": [
          {
            "a": "History."
          },
          {
            "2": "fast"
          },
          {
            "0": "(OCoLC)fst01411628"
          }
        ]
      }
    },
    {
      "994": {
        "ind1": "\\",
        "ind2": "\\",
        "subfields": [
          {
            "a": "Z0"
          },
          {
            "b": "NYRVC"
          }
        ]
      }
    },
    {
      "948": {
        "ind1": "\\",
        "ind2": "\\",
        "subfields": [
          {
            "h": "NO HOLDINGS IN NYRVC - 133 OTHER HOLDINGS"
          }
        ]
      }
    },
    {
      "999": {
        "ind1": "\\",
        "ind2": "\\",
        "subfields": [
          {
            "a": "00000000018062"
          }
        ]
      }
    }
  ]
}